<collection xmlns="http://www.loc.gov/MARC21/slim">
<record>
  <leader>00939nam0a22002291i 450 </leader>
  <controlfield tag="001">IT\ICCU\CNCE\020269</controlfield>
  <controlfield tag="005">20080206000000.0</controlfield>
  <datafield tag="012" ind1=" " ind2=" ">
    <subfield code="a">ueu. s:ar aRt. HaAl (3) 1511 (R)</subfield>
    <subfield code="2">fei</subfield>
  </datafield>
  <datafield tag="100" ind1=" " ind2=" ">
    <subfield code="a">19970101d1511        0itac0103    ba</subfield>
  </datafield>
  <datafield tag="101" ind1=" " ind2=" ">
    <subfield code="a">LAT</subfield>
  </datafield>
  <datafield tag="102" ind1=" " ind2=" ">
    <subfield code="a">IT</subfield>
  </datafield>
  <datafield tag="200" ind1="1" ind2=" ">
    <subfield code="a">De viridario Augustini Chigii patritii Senen. Vera libellus. Galli Egidii Romani poe. laur</subfield>
  </datafield>
  <datafield tag="210" ind1=" " ind2=" ">
    <subfield code="e">Impressum Rome</subfield>
    <subfield code="g">per Stephanum Guillireti</subfield>
    <subfield code="h">&amp; Herculem Nani consocios</subfield>
    <subfield code="h">1511</subfield>
  </datafield>
  <datafield tag="215" ind1=" " ind2=" ">
    <subfield code="a">XXVIII c.</subfield>
    <subfield code="d">fol</subfield>
  </datafield>
  <datafield tag="620" ind1=" " ind2=" ">
    <subfield code="a">IT</subfield>
    <subfield code="d">Roma</subfield>
  </datafield>
  <datafield tag="700" ind1=" " ind2="1">
    <subfield code="a">Gallo,</subfield>
    <subfield code="b">Egidio</subfield>
    <subfield code="3">IT\ICCU\CNCA\005846</subfield>
  </datafield>
  <datafield tag="712" ind1="0" ind2="0">
    <subfield code="a">Guillery, Etienne &amp; Nani, Ercole</subfield>
    <subfield code="3">IT\ICCU\CNCT\000709</subfield>
    <subfield code="4">650</subfield>
  </datafield>
  <datafield tag="790" ind1=" " ind2="1">
    <subfield code="a">Gallus,</subfield>
    <subfield code="b">Aegidius</subfield>
    <subfield code="3">IT\ICCU\CNCA\019445</subfield>
    <subfield code="z">Gallo, Egidio</subfield>
  </datafield>
  <datafield tag="790" ind1=" " ind2="1">
    <subfield code="a">Galli,</subfield>
    <subfield code="b">Egidio</subfield>
    <subfield code="3">IT\ICCU\CNCA\019446</subfield>
    <subfield code="z">Gallo, Egidio</subfield>
  </datafield>
  <datafield tag="801" ind1=" " ind2="3">
    <subfield code="a">IT</subfield>
    <subfield code="b">ICCU</subfield>
    <subfield code="c">20201114</subfield>
  </datafield>
  <datafield tag="899" ind1=" " ind2=" ">
    <subfield code="a">Biblioteca Apostolica Vaticana. Citt ̉del Vaticano</subfield>
    <subfield code="1">EX0001</subfield>
    <subfield code="2">ZCV 01</subfield>
  </datafield>
  <datafield tag="899" ind1=" " ind2=" ">
    <subfield code="a">Biblioteca nazionale Marciana. Venezia</subfield>
    <subfield code="1">VE0049</subfield>
    <subfield code="2">VEA BM</subfield>
  </datafield>
</record>
</collection>
